@article{vrEngineeringProjects,
  author  = "Deyin, Jin and Feng, Yan and Yuji, Ito",
  title   = "Applications of Virtual Reality to Civil and Architectural Engineering Projects",
  journal = "International Symposium on Innovation \& Sustainability of Structures in Civil Engineering",
  year    = 2007,
  month   = 11,
}

@online{VRS,
	author = "Virtual reality society",
	title = "History Of Virtual Reality",
	url = {https://www.vrs.org.uk/virtual-reality/history.html},
	note = {visited on 2017-10-17}
}

@INPROCEEDINGS{generalVR,
	author={S. Wang and Z. Mao and C. Zeng and H. Gong and S. Li and B. Chen},
	booktitle={2010 18th International Conference on Geoinformatics},
	title={A new method of virtual reality based on Unity3D},
	year={2010},
	volume={},
	number={},
	pages={1-5},
	month={June},
}

@book{landscapeArchitectureDigiTech,
	author = {Jillian Wallis, Heike Rahmann},
	title = {Landscape Architecture and Digital Technologies},
	date = {2016},
	OPTsubtitle = {Re-conceptualizing design and making},
	OPTurl = {https://books.google.dk/books?id=6YiPCwAAQBAJ&lpg=PP1&ots=BF8sftnkBI&dq=Landscape%20architecture%20and%20digital%20technologies&lr&hl=da&pg=PR23#v=onepage&q=Landscape%20architecture%20and%20digital%20technologies&f=false}
}

@misc{surveySketchVSDigital,
	author = {Unknown},
	title = {Design Tools: Sketching vs. Digital},
	date = {November 15, 2016},
	OPTorganisation = {ASLA (American Society of Landscape Architects)},
	OPTurl = {https://thefield.asla.org/2016/11/15/design-tools-sketching-vs-digital/},
}
